@ONLINE{bloomberg,
author = {},
title = {https://www.bloomberg.com/news/articles/2017-07-06/electric-cars-are-about-to-boost-global-power-demand-300-fold},
year = {2017},
url = {}
}

@ONLINE{EVSales,
author = {},
title = {http://energy.gov/eere/vehicles/},
year = {},
url = {}
}

@ONLINE{kWhcost,
author = {},
title = {https://www.eia.gov/electricity/state/},
year = {},
url = {}
}

%@book{Minghua2013Sigmetrics,
  %title={Online energy generation scheduling for microgrids with intermittent energy sources and co-generation},
  %author={Lu, Lian and Tu, Jinlong and Chau, Chi-Kin and Chen, Minghua and Lin, Xiaojun},
  %volume={41},
  %number={1},
  %year={2013},
  %publisher={ACM}
%}

@article{alinia2017online,
	title={Online EV Scheduling Algorithms for Adaptive Charging Networks with Global Peak Constraints},
	author={Alinia, Bahram and Hajiesmaili, Mohammad H and Lee, Zachary J and Crespi, Noel and Mallada, Enrique},
	journal={https://github.com/bahramalinia/TechReport/blob/master/Appendix.pdf},
	year={2017}
}

@inproceedings{Hajiesmaili2016Online,
  title={Online microgrid energy generation scheduling revisited: The benefits of randomization and interval prediction},
  author={Hajiesmaili, Mohammad H and Chau, Chi-Kin and Chen, Minghua and Huang, Longbu},
  booktitle={Proc. of ACM e-energy},
  pages={1},
  year={2016},
  organization={ACM}
}

@article{Zhang2015eEnergy,
  title={Peak-aware online economic dispatching for microgrids},
  author={Zhang, Ying and Hajiesmaili, Mohammad and Cai, Sinan and Chen, Minghua and Zhu, Qi},
  journal={IEEE Transactions on Smart Grid},
  year={2018},
    volume={9},
  number={1},
  pages={323--335},
  publisher={IEEE}
}

@article{jin2017optimal,
	title={Optimal storage operation under demand charge},
	author={Jin, Jiangliang and Xu, Yunjian},
	journal={IEEE Transactions on Power Systems},
	volume={32},
	number={1},
	pages={795--808},
	year={2017},
	publisher={IEEE}
}

@inproceedings{chen2014distributional,
	title={Distributional analysis for model predictive deferrable load control},
	author={Chen, Niangjun and Gan, Lingwen and Low, Steven H and Wierman, Adam},
	booktitle={Prof. of IEEE CDC},
	pages={6433--6438},
	year={2014},
	organization={}
}

@article{wang2017predictive,
	title={Predictive Scheduling Framework for Electric Vehicles With Uncertainties of User Behaviors},
	author={Wang, Bin and Wang, Yubo and Nazaripouya, Hamidreza and Qiu, Charlie and Chu, Chi-Cheng and Gadh, Rajit},
	journal={IEEE Internet of Things Journal},
	volume={4},
	number={1},
	pages={52--63},
	year={2017},
	publisher={IEEE}
}

@article{Alinia2018ITS,
	title={Online {EV} Charging Scheduling with On-Arrival Commitment},
	author={Alinia, Bahram and Hajiesmaili, Mohammad and Crespi, Noel},
	journal={in submission},
	year={2018},
	volume={},
	number={},
	pages={},
	publisher={IEEE}
}


@ONLINE{PeakPrice,
author = {},
title = { http://www.pge.com/nots/rates/tariffs/rateinfo.shtml},
year = {2018},
url = {}
}

@inproceedings{Xu2014Reducing,
  title={Reducing electricity demand charge for data centers with partial execution},
  author={Xu, Hong and Li, Baochun},
  booktitle={Proc. of ACM e-energy},
  pages={51--61},
  year={2014},
  organization={ACM}
}

@article{Masoum,
  title={Smart load management of plug-in electric vehicles in distribution and residential networks with charging stations for peak shaving and loss minimisation considering voltage regulation},
  author={Masoum, Amir S and Deilami, Sara and Moses, PS and Masoum, MAS and Abu-Siada, Ahmed},
  journal={IET Generation, Transmission \& Distribution},
  volume={5},
  number={8},
  pages={877--888},
  year={2011},
  publisher={IET}
}

@article{YGuo,
  title={Two-stage economic operation of microgrid-like electric vehicle parking deck},
  author={Guo, Yi and Xiong, Jingwei and Xu, Shengyao and Su, Wencong},
  journal={IEEE Transactions on Smart Grid},
  volume={7},
  number={3},
  pages={1703--1712},
  year={2016},
  publisher={IEEE}
}

@article{shafie2018innovative,
	title={An Innovative Two-Level Model for Electric Vehicle Parking Lots in Distribution Systems with Renewable Energy},
	author={Shafie-Khah, Miadreza and Siano, Pierluigi and Fitiwi, Desta Z and Mahmoudi, Nadali and Catal{\~a}o, Jo{\~a}o PS},
	journal={IEEE Transactions on Smart Grid},
	volume={9},
	number={2},
	pages={1506--1520},
	year={2018},
	publisher={IEEE}
}

@article{de2017impact,
	title={Impact of Electric Vehicles on the Expansion Planning of Distribution Systems considering Renewable Energy, Storage and Charging Stations},
	author={de Quevedo, Pilar Meneses and Mu{\~n}oz-Delgado, Gregorio and Contreras, Javier},
	journal={IEEE Transactions on Smart Grid},
	year={2017},
	publisher={IEEE}
}

@article{mukherjee2017distributed,
	title={Distributed charge scheduling of plug-in electric vehicles using inter-aggregator collaboration},
	author={Mukherjee, Joy Chandra and Gupta, Arobinda},
	journal={IEEE Transactions on Smart Grid},
	volume={8},
	number={1},
	pages={331--341},
	year={2017},
	publisher={IEEE}
}

@article{mukherjee2015review,
	title={A review of charge scheduling of electric vehicles in smart grid},
	author={Mukherjee, Joy Chandra and Gupta, Arobinda},
	journal={IEEE Systems Journal},
	volume={9},
	number={4},
	pages={1541--1553},
	year={2015},
	publisher={IEEE}
}

@article{Tang,
  title={Online coordinated charging decision algorithm for electric vehicles without future information},
  author={Tang, Wanrong and Bi, Suzhi and Zhang, Ying Jun Angela},
  journal={IEEE Transactions on Smart Grid},
  volume={5},
  number={6},
  pages={2810--2824},
  year={2014},
  publisher={IEEE}
}

@article{Hoog,
  title={Optimal charging of electric vehicles taking distribution network constraints into account},
  author={de Hoog, Julian and Alpcan, Tansu and Brazil, Marcus and Thomas, Doreen Anne and Mareels, Iven},
  journal={IEEE Transactions on Power Systems},
  volume={30},
  number={1},
  pages={365--375},
  year={2015},
  publisher={IEEE}
}








@book{approx,
  title={Approximation algorithms},
  author={Vazirani, Vijay V},
  year={2013},
  publisher={Springer Science \& Business Media}
}

@article{Shao,
  title={Hierarchical charge control of large populations of EVs},
  author={Shao, Chengcheng and Wang, Xifan and Wang, Xiuli and Du, Chao and Wang, Biyang},
  journal={IEEE Transactions on Smart Grid},
  volume={7},
  number={2},
  pages={1147--1155},
  year={2016},
  publisher={IEEE}
}

@article{Vagropoulos,
  title={Real-time charging management framework for electric vehicle aggregators in a market environment},
  author={Vagropoulos, Stylianos I and Kyriazidis, Dimitrios K and Bakirtzis, Anastasios G},
  journal={IEEE Transactions on Smart Grid},
  volume={7},
  number={2},
  pages={948--957},
  year={2016},
  publisher={IEEE}
}

@article{RWang,
  title={Two-stage mechanism for massive electric vehicle charging involving renewable energy},
  author={Wang, Ran and Wang, Ping and Xiao, Gaoxi},
  journal={IEEE Transactions on Vehicular Technology},
  volume={65},
  number={6},
  pages={4159--4171},
  year={2016},
  publisher={IEEE}
}

@article{Wen,
  title={Decentralized plug-in electric vehicle charging selection algorithm in power systems},
  author={Wen, Chao-Kai and Chen, Jung-Chieh and Teng, Jen-Hao and Ting, Pangan},
  journal={IEEE Transactions on Smart Grid},
  volume={3},
  number={4},
  pages={1779--1789},
  year={2012},
  publisher={IEEE}
}

@article{YCao,
  title={Toward Efficient Electric-Vehicle Charging Using VANET-Based Information Dissemination},
  author={Cao, Yue and Wang, Ning},
  journal={IEEE Transactions on Vehicular Technology},
  volume={66},
  number={4},
  pages={2886--2901},
  year={2017},
  publisher={IEEE}
}

@article{TZhang,
  title={Charging scheduling of electric vehicles with local renewable energy under uncertain electric vehicle arrival and grid power price},
  author={Zhang, Tian and Chen, Wei and Han, Zhu and Cao, Zhigang},
  journal={IEEE Transactions on Vehicular Technology},
  volume={63},
  number={6},
  pages={2600--2612},
  year={2014},
  publisher={IEEE}
}

@inproceedings{Jiang,
  title={Decentralized scheduling of PEV on-street parking and charging for smart grid reactive power compensation},
  author={Jiang, Bingnan and Fei, Yunsi},
  booktitle={Innovative Smart Grid Technologies (ISGT), 2013 IEEE PES},
  pages={1--6},
  year={2013},
  organization={IEEE}
}

@article{Jin,
  title={Optimizing electric vehicle charging: A customer's perspective},
  author={Jin, Chenrui and Tang, Jian and Ghosh, Prasanta},
  journal={IEEE Transactions on Vehicular Technology},
  volume={62},
  number={7},
  pages={2919--2927},
  year={2013},
  publisher={IEEE}
}
@article{Akhavan,
  title={Online intelligent demand management of plug-in electric vehicles in future smart parking lots},
  author={Akhavan-Rezai, Elham and Shaaban, Mostafa F and El-Saadany, Ehab F and Karray, Fakhri},
  journal={IEEE Systems Journal},
  volume={10},
  number={2},
  year={2016}
}



@article{Lee,
  title={Electric vehicle charging stations with renewable power generators: A game theoretical analysis},
  author={Lee, Woongsup and Xiang, Lin and Schober, Robert and Wong, Vincent WS},
  journal={IEEE Transactions on Smart Grid},
  volume={6},
  number={2},
  pages={608--617},
  year={2015},
  publisher={IEEE}
}


@inproceedings{Xiang,
  title={Auc2charge: An online auction framework for eectric vehicle park-and-charge},
  author={Xiang, Qiao and Kong, Fanxin and Liu, Xue and Chen, Xi and Kong, Linghe and Rao, Lei},
  booktitle={Proc. of ACM e-energy},
  pages={151--160},
  year={2015},
  organization={ACM}
}

@inproceedings{Zhao,
  title={Peak-minimizing online EV charging: Price-of-uncertainty and algorithm robustification},
  author={Zhao, Shizhen and Lin, Xiaojun and Chen, Minghua},
  booktitle={Proc. of IEEE INFOCOM},
  year={2015}
}



@inproceedings{Shroff2014,
  title={Online welfare maximization for electric vehicle charging with electricity cost},
  author={Zheng, Zizhan and Shroff, Ness},
  booktitle={Proc. of ACM e-energy},
  pages={253--263},
  year={2014},
  organization={ACM}
}

@inproceedings{Stein2012,
  title={A model-based online mechanism with pre-commitment and its application to electric vehicle charging},
  author={Stein, Sebastian and Gerding, Enrico and Robu, Valentin and Jennings, Nicholas R},
  booktitle={Proceedings of the 11th International Conference on Autonomous Agents and Multiagent Systems-Volume 2},
  pages={669--676},
  year={2012},
  organization={International Foundation for Autonomous Agents and Multiagent Systems}
}



@inproceedings{Azar,
  title={Truthful online scheduling with commitments},
  author={Azar, Yossi and Kalp-Shaltiel, Inna and Lucier, Brendan and Menache, Ishai and Naor, Joseph Seffi and Yaniv, Jonathan},
  booktitle={Proceedings of the Sixteenth ACM Conference on Economics and Computation},
  pages={715--732},
  year={2015},
  organization={ACM}
}

@article{WTang,
  title={A model predictive control approach for low-complexity electric vehicle charging scheduling: optimality and scalability},
  author={Tang, Wanrong and Zhang, Ying Jun Angela},
  journal={IEEE Transactions on Power Systems},
  volume={32},
  number={2},
  pages={1050--1063},
  year={2017},
  publisher={IEEE}
}

@inproceedings{Chen,
  title={{iEMS} for large scale charging of electric vehicles: Architecture and optimal online scheduling},
  author={Chen, Shiyao and Tong, Lang},
  booktitle={Proc. of SmartGridComm},
  year={2012}
}

@article{Jain,
  title={Near-optimal scheduling mechanisms for deadline-sensitive jobs in large computing clusters},
  author={Jain, Navendu and Menache, Ishai and Naor, Joseph Seffi and Yaniv, Jonathan},
  journal={ACM Transactions on Parallel Computing},
  volume={2},
  number={1},
  pages={3},
  year={2015},
  publisher={ACM}
}

@article{Jain2,
  title={A truthful mechanism for value-based scheduling in cloud computing},
  author={Jain, Navendu and Menache, Ishai and Naor, Joseph Seffi and Yaniv, Jonathan},
  journal={Theory of Computing Systems},
  volume={54},
  number={3},
  pages={388--406},
  year={2014},
  publisher={Springer}
}

@article{Robu,
  title={An online mechanism for multi-unit demand and its application to plug-in hybrid electric vehicle charging},
  author={Robu, Valentin and Gerding, Enrico H and Stein, Sebastian and Parkes, David C and Rogers, Alex and Jennings, Nick R},
  journal={Journal of Artificial Intelligence Research},
  volume={48},
  pages={175--230},
  year={2013}
}

@article{firstfit,
  title={Competitive on-line scheduling with level of service},
  author={Chang, Ee-Chien and Yap, Chee},
  journal={Journal of Scheduling},
  volume={6},
  number={3},
  pages={251--267},
  year={2003},
  publisher={Springer}
}

@techreport{Carr,
  title={Strengthening integrality gaps for capacitated network design and covering problems},
  author={Carr, Robert D and Fleischer, Lisa K and Leung, Vitus J and Phillips, Cynthia A},
  year={1999},
  institution={Sandia National Labs., Albuquerque, NM (US); Sandia National Labs., Livermore, CA (US)}
}

@techreport{Santos,
  title={Summary of travel trends: 2009 national household travel survey},
  author={Santos, Adella and McGuckin, Nancy and Nakamoto, Hikari Yukiko and Gray, Danielle and Liss, Susan},
  year={2011}
}

@ONLINE{kWhcost,
author = {},
title = {http://www.eia.gov/electricity/state/},
year = {},
url = {}
}


@book{borodin2005online,
  title={Online computation and competitive analysis},
  author={Borodin, Allan and El-Yaniv, Ran},
  year={2005},
  publisher={cambridge university press}
}

%%%%%%%%%%%%%%%%%%%%%%%%%%%%%%%%%%%%%%%%%%%%%%%%%%%%%%%%%%%%%%%%%%%%%%%%%%TTE

@article{kumar2015impact,
  title={Impact of priority criteria on electric vehicle charge scheduling},
  author={Kumar, Kandasamy Nandha and Sivaneasan, Balakrishnan and So, Ping Lam},
  journal={IEEE Transactions on Transportation Electrification},
  volume={1},
  number={3},
  pages={200--210},
  year={2015},
  publisher={IEEE}
}

@article{abdulaal2017solving,
  title={Solving the Multivariant EV Routing Problem Incorporating V2G and G2V Options},
  author={Abdulaal, Ahmed and Cintuglu, Mehmet H and Asfour, Shihab and Mohammed, Osama A},
  journal={IEEE Transactions on Transportation Electrification},
  volume={3},
  number={1},
  pages={238--248},
  year={2017},
  publisher={IEEE}
}

@article{ugirumurera2017optimal,
  title={Optimal Sizing of a Completely Green Charging System for Electric Vehicles},
  author={Ugirumurera, Juliette and Haas, Zygmunt},
  journal={IEEE Transactions on Transportation Electrification},
  year={2017},
  publisher={IEEE}
}

@article{liao2015dispatch,
  title={Dispatch of EV charging station energy resources for sustainable mobility},
  author={Liao, Yung-Tang and Lu, Chan-Nan},
  journal={IEEE Transactions on Transportation Electrification},
  volume={1},
  number={1},
  pages={86--93},
  year={2015},
  publisher={IEEE}
}

@article{moghaddam2017smart,
  title={Smart Charging Strategy for Electric Vehicle Charging Stations},
  author={Moghaddam, Zeinab and Ahmad, Iftekhar and Habibi, Daryoushr and Phung, Quoc Viet},
  journal={IEEE Transactions on Transportation Electrification},
  year={2017},
  publisher={IEEE}
}

@article{abdulaal2017solving,
  title={Solving the Multivariant EV Routing Problem Incorporating V2G and G2V Options},
  author={Abdulaal, Ahmed and Cintuglu, Mehmet H and Asfour, Shihab and Mohammed, Osama A},
  journal={IEEE Transactions on Transportation Electrification},
  volume={3},
  number={1},
  pages={238--248},
  year={2017},
  publisher={IEEE}
}

@article{abousleiman2015smart,
  title={Smart charging: System design and implementation for interaction between plug-in electric vehicles and the power grid},
  author={Abousleiman, Rami and Scholer, Richard},
  journal={IEEE Transactions on Transportation Electrification},
  volume={1},
  number={1},
  pages={18--25},
  year={2015},
  publisher={IEEE}
}

@article{del2016smart,
  title={Smart charging schedules for highway travel with electric vehicles},
  author={del Razo, Victor and Jacobsen, Hans-Arno},
  journal={IEEE Transactions on Transportation Electrification},
  volume={2},
  number={2},
  pages={160--173},
  year={2016},
  publisher={IEEE}
}


@article{wu2017two,
  title={Two-Stage Energy Management for Office Buildings With Workplace EV Charging and Renewable Energy},
  author={Wu, Di and Zeng, Haibo and Lu, Chao and Boulet, Benoit},
  journal={IEEE Transactions on Transportation Electrification},
  volume={3},
  number={1},
  pages={225--237},
  year={2017},
  publisher={IEEE}
}

@inproceedings{lee2016adaptive,
  title={Adaptive charging network for electric vehicles},
  author={Lee, George and Lee, Ted and Low, Zhi and Low, Steven H and Ortega, Christine},
  booktitle={Proc. of IEEE GlobalSIP},
  year={2016},
}

@inproceedings{lee2018adaptive,
 title = {Large-{Scale} {Adaptive} {Electric} {Vehicle} {Charging}},
 booktitle = {{IEEE} {International} {Conference} on {Communications}, {Control}, and {Computing} {Technologies} for {Smart} {Grids}},
 author = {Lee, Zachary J. and Chang, Daniel and Jin, Cheng and Lee, George S. and Lee, Rand and Lee, Ted and Low, Steven H.},
 month = oct,
 year = {2018},
}

%%%%Appendix

@article{He,
  title={Optimal scheduling for charging and discharging of electric vehicles},
  author={He, Yifeng and Venkatesh, Bala and Guan, Ling},
  journal={IEEE transactions on smart grid},
  volume={3},
  number={3},
  pages={1095--1105},
  year={2012},
  publisher={IEEE}
}

@article{malhotra2017distributed,
  title={Distributed power profile tracking for heterogeneous charging of electric vehicles},
  author={Malhotra, Akshay and Binetti, Giulio and Davoudi, Ali and Schizas, Ioannis D},
  journal={IEEE Transactions on Smart Grid},
  volume={8},
  number={5},
  pages={2090--2099},
  year={2017},
  publisher={IEEE}
}

@article{Moradijoz,
  title={A multi-objective optimization problem for allocating parking lots in a distribution network},
  author={Moradijoz, M and Moghaddam, M Parsa and Haghifam, MR and Alishahi, E},
  journal={International Journal of Electrical Power \& Energy Systems},
  volume={46},
  pages={115--122},
  year={2013},
  publisher={Elsevier}
}

@article{DWang,
  title={Integrated energy exchange scheduling for multimicrogrid system with electric vehicles},
  author={Wang, Dai and Guan, Xiaohong and Wu, Jiang and Li, Pan and Zan, Peng and Xu, Hui},
  journal={IEEE Transactions on Smart Grid},
  volume={7},	
  number={4},
  pages={1762--1774},
  year={2016},
  publisher={IEEE}
}

@article{Zeng,
  title={QoE-aware Power Management in Vehicle-to-Grid Networks: a Matching-theoretic Approach},
  author={Zeng, Ming and Leng, Supeng and Zhang, Yan and He, Jianhua},
  journal={\emph{early access}, IEEE Transactions on Smart Grid},
  year={2017},
  publisher={IEEE}
}

@article{Shaaban,
  title={Real-time PEV charging/discharging coordination in smart distribution systems},
  author={Shaaban, Mostafa F and Ismail, Muhammad and El-Saadany, Ehab F and Zhuang, Weihua},
  journal={IEEE Transactions on Smart Grid},
  volume={5},
  number={4},
  pages={1797--1807},
  year={2014},
  publisher={IEEE}
}

@ONLINE{Tesla,
author = {},
title = {https://www.tesla.com/?redirect=no},
year = {},
url = {}
}

@article{Karfopoulos,
  title={Distributed coordination of electric vehicles providing V2G services},
  author={Karfopoulos, Evangelos L and Hatziargyriou, Nikos D},
  journal={IEEE Transactions on Power Systems},
  volume={31},
  number={1},
  pages={329--338},
  year={2016},
  publisher={IEEE}
}

@article{optimization2013gurobi,
  title={Gurobi Optimizer 5.0},
  journal={Gurobi: http://www.gurobi.com},
  year={2013}
}

%%%%%%%%%%%%

@article{yao2016real,
  title={A real-time charging scheme for demand response in electric vehicle parking station},
  author={Yao, Leehter and Lim, Wei Hong and Tsai, Teng Shih},
  journal={IEEE Transactions on Smart Grid},
  volume={8},
  number={1},
  pages={52--62},
  year={2016},
  publisher={IEEE}
}

@inproceedings{alinia2018competitive,
  title={Competitive online scheduling algorithms with applications in deadline-constrained {EV} charging},
  author={Alinia, Bahram and Talebi, Mohammad Sadegh and Hajiesmaili, Mohammad H and Yekkehkhany, Ali and Crespi, Noel},
  booktitle={2018 IEEE/ACM 26th International Symposium on Quality of Service (IWQoS)},
  pages={1--10},
  year={2018},
  organization={IEEE}
}

@inproceedings{zheng2016online,
  title={Online multi-resource allocation for deadline sensitive jobs with partial values in the cloud},
  author={Zheng, Zizhan and Shroff, Ness B},
  booktitle={IEEE INFOCOM 2016-The 35th Annual IEEE International Conference on Computer Communications},
  pages={1--9},
  year={2016},
  organization={IEEE}
}

@inproceedings{de2018complexity,
  title={Complexity of scheduling charging in the smart grid},
  author={de Weerdt, Mathijs M and Albert, Michael and Conitzer, Vincent and Linden, Koos van der},
  booktitle={Proceedings of the 17th International Conference on Autonomous Agents and MultiAgent Systems},
  pages={1924--1926},
  year={2018},
  organization={International Foundation for Autonomous Agents and Multiagent Systems}
}

@inproceedings{deng2016whether,
  title={Whether to charge an electric vehicle or not? A near-optimal online approach},
  author={Deng, Ruilong and Liang, Hao},
  booktitle={2016 IEEE Power and Energy Society General Meeting (PESGM)},
  pages={1--5},
  year={2016},
  organization={IEEE}
}

@inproceedings{lucier2013efficient,
  title={Efficient online scheduling for deadline-sensitive jobs},
  author={Lucier, Brendan and Menache, Ishai and Naor, Joseph Seffi and Yaniv, Jonathan},
  booktitle={Proceedings of the twenty-fifth annual ACM symposium on Parallelism in algorithms and architectures},
  pages={305--314},
  year={2013},
  organization={ACM}
}

@article{huang2014distribution,
  title={Distribution locational marginal pricing through quadratic programming for congestion management in distribution networks},
  author={Huang, Shaojun and Wu, Qiuwei and Oren, Shmuel S and Li, Ruoyang and Liu, Zhaoxi},
  journal={IEEE Transactions on Power Systems},
  volume={30},
  number={4},
  pages={2170--2178},
  year={2014},
  publisher={IEEE}
}

@article{hu2013coordinated,
  title={Coordinated charging of electric vehicles for congestion prevention in the distribution grid},
  author={Hu, Junjie and You, Shi and Lind, Morten and {\O}stergaard, Jacob},
  journal={IEEE Transactions on Smart Grid},
  volume={5},
  number={2},
  pages={703--711},
  year={2013},
  publisher={IEEE}
}

@inproceedings{rigas2013congestion,
  title={Congestion management for urban EV charging systems},
  author={Rigas, Emmanouil S and Ramchurn, Sarvapali D and Bassiliades, Nick and Koutitas, George},
  booktitle={Proc. of IEEE SmartGridComm},
  pages={121--126},
  year={2013}
}

@article{hou2019bidding,
  title={Bidding for Preferred Timing: An Auction Design for Electric Vehicle Charging Station Scheduling},
  author={Hou, Luyang and Wang, Chun and Yan, Jun},
  journal={IEEE Transactions on Intelligent Transportation Systems},
  year={2019},
  publisher={IEEE}
}

@article{lee2019learning,
	title={Learning-Assisted Competitive Algorithms for Peak-Aware Energy Scheduling},
	author={Lee, Russell and Hajiesmaili, Mohammad H and Li, Jian},
	journal={arXiv preprint arXiv:1911.07972},
	year={2019}
}

@inproceedings{hajiesmaili2017crowd,
	title={Crowd-sourced storage-assisted demand response in microgrids},
	author={Hajiesmaili, Mohammad H and Chen, Minghua and Mallada, Enrique and Chau, Chi-Kin},
	booktitle={Proc. of ACM eEnergy},
	pages={91--100},
	year={2017},
	organization={ACM}
}